<?xml version="1.0" encoding="UTF-8"?><collection xmlns="http://www.loc.gov/MARC21/slim"><record><leader>00435nam--2200133-i-4500</leader><controlfield tag="001">000042840</controlfield><controlfield tag="002">20161230</controlfield><controlfield tag="005">20161230201043</controlfield><controlfield tag="008">060222s1000------------r-----000-0-eng-d</controlfield><datafield ind1=" " ind2=" " tag="080"><subfield code="a">681.3.012(038)</subfield></datafield><datafield ind1=" " ind2=" " tag="100"><subfield code="a">Steinbuch,K</subfield></datafield><datafield ind1=" " ind2=" " tag="245"><subfield code="a">Taschenbuch der nachrichtenverarbeitung. unter mitwirkung zahlreicher fachleute und redaktioneler bearbeitung durch s.w.wagner</subfield></datafield><datafield ind1=" " ind2=" " tag="260"><subfield code="a">Berlin, Springer-verlag, 1967. Xxiii + 1486 P</subfield></datafield><datafield ind1=" " ind2=" " tag="852"><subfield code="a">76135</subfield></datafield></record></collection>